@book{mankiw2011principles,
  title={Principles of economics},
  author={Mankiw, N.G.},
  year={2011},
  publisher={South-Western Pub}
}

@article{barclay1999effects,
  title={Effects of market reform on the trading costs and depths of Nasdaq stocks},
  author={Barclay, M.J. and Christie, W.G. and Harris, J.H. and Kandel, E. and Schultz, P.H.},
  journal={The Journal of Finance},
  volume={54},
  number={1},
  pages={1--34},
  year={1999},
  publisher={Wiley Online Library}
}

@article{glosten1985bid,
  title={Bid, ask and transaction prices in a specialist market with heterogeneously informed traders},
  author={Glosten, L.R. and Milgrom, P.R.},
  journal={Journal of financial economics},
  volume={14},
  number={1},
  pages={71--100},
  year={1985},
  publisher={Elsevier}
}

@article{ho1981optimal,
  title={Optimal dealer pricing under transactions and return uncertainty},
  author={Ho, T. and Stoll, H.R.},
  journal={Journal of Financial economics},
  volume={9},
  number={1},
  pages={47--73},
  year={1981},
  publisher={Elsevier}
}

@article{seppi1997liquidity,
  title={Liquidity provision with limit orders and a strategic specialist},
  author={Seppi, D.J.},
  journal={Review of Financial Studies},
  volume={10},
  number={1},
  pages={103--150},
  year={1997},
  publisher={Soc Financial Studies}
}

@book{azoff1994neural,
  title={Neural network time series forecasting of financial markets},
  author={Azoff, E.M.},
  year={1994},
  publisher={John Wiley \& Sons, Inc.}
}

@book{hamilton1994time,
  title={Time series analysis},
  author={Hamilton, J.D.},
  volume={2},
  year={1994},
  publisher={Cambridge Univ Press}
}

@book{brockwell2009time,
  title={Time series: theory and methods},
  author={Brockwell, P.J. and Davis, R.A.},
  year={2009},
  publisher={springer Verlag}
}

@article{glosten1988estimating,
  title={Estimating the components of the bid/ask spread},
  author={Glosten, L.R. and Harris, L.E.},
  journal={Journal of financial Economics},
  volume={21},
  number={1},
  pages={123--142},
  year={1988},
  publisher={Elsevier}
}

@article{arndt2011high,
  title={High Frequency Trading},
  author={Arndt, B. and Lutat, M. and Uhle, T. and Gomber, P.},
  year={2011}
}

@article{guo2012high,
  title={High-Frequency Trading},
  author={Guo, X.},
  year={2012}
}

@book{aldridge2009high,
  title={High-Frequency Trading: A Practical Guide to Algorithmic Strategies and Trading Systems},
  author={Aldridge, I.},
  volume={459},
  year={2009},
  publisher={Wiley}
}

@article{menkveld2010high,
  title={High frequency trading and the new-market makers},
  author={Menkveld, A.J.},
  year={2010}
}

@article{avellaneda2008high,
  title={High-frequency trading in a limit order book},
  author={Avellaneda, M. and Stoikov, S.},
  journal={Quantitative Finance},
  volume={8},
  number={3},
  pages={217--224},
  year={2008},
  publisher={Taylor \& Francis}
}
