%%%%%%%%%%%%%%%%%%%%%%%%%%%%%%%%%%%%%%%%%%%%%%%%%%%%%%%%%%%%%%
%%%%%%%%%%%%%Referencias Introducci√≥n%%%%%%%%%%%%%%%%%%%%%%%%%
%%%%%%%%%%%%%%%%%%%%%%%%%%%%%%%%%%%%%%%%%%%%%%%%%%%%%%%%%%%%%%

@book{mankiw2011principles,
  title={Principles of economics},
  author={Mankiw, N.G.},
  year={2011},
  publisher={South-Western Pub}
}

@article{ei2007quantitative,
  title={Quantitative Methods in High-Frequency Financial Econometrics: Modeling Univariate and Multivariate Time Series},
  author={ei Sun, W.},
  year={2007}
}

@article{hasbrouck2004economic,
  title={Economic and Statistical Perspectives on the Dynamics of Trade in Securities Markets},
  author={Hasbrouck, J.},
  journal={Teaching Notes, Stern School of Business, New York University},
  year={2004}
}

@inproceedings{nevmyvaka2003electronic,
  title={Electronic market making: Initial investigation},
  author={Nevmyvaka, Y. and Sycara, K. and Seppi, D.J.},
  booktitle={the Proceedings of Third International Workshop on Computational Intelligence in Economics and Finance},
  year={2003}
}

@article{arndt2011high,
  title={High Frequency Trading},
  author={Arndt, B. and Lutat, M. and Uhle, T. and Gomber, P.},
  year={2011}
}

@article{jensen1984theory,
  title={The theory of corporate finance: a historical overview},
  author={Jensen, M. and Smith, C.},
  year={1984},
  publisher={New York: McGraw-Hill Inc}
}

@book{mishkin2006financial,
  title={Financial markets and institutions},
  author={Mishkin, F.S. and Eakins, S.G.},
  year={2006},
  publisher={Pearson Education India}
}

@book{tsay2005analysis,
  title={Analysis of financial time series},
  author={Tsay, R.S.},
  volume={543},
  year={2005},
  publisher={Wiley-Interscience}
}

@inproceedings{kirk2007nvidia,
  title={NVIDIA CUDA software and GPU parallel computing architecture},
  author={Kirk, D.},
  booktitle={International Symposium on Memory Management: Proceedings of the 6 th international symposium on Memory management},
  volume={21},
  number={22},
  pages={103--104},
  year={2007}
}

@inproceedings{owens2007gpu,
  title={GPU architecture overview},
  author={Owens, J.},
  booktitle={ACM SIGGRAPH},
  volume={1},
  pages={5--9},
  year={2007}
}


%%%%%%%%%%%%%%%%%%%%%%%%%%%%%%%%%%%%%%%%%%%%%%%%%%%%%%%%%%%%%%
&&&%%%%%%%%%%Referencias Estado del Arte&%%%%%%%%%%%%%%%%%%%%%
%%%%%%%%%%%%%%%%%%%%%%%%%%%%%%%%%%%%%%%%%%%%%%%%%%%%%%%%%%%%%%
